%%% Skr√≥ty

%%% czasopisma:

%%@String{j-LECT-NOTES-COMP-SCI   = "Lecture Notes in Computer Science"}

%%% wydawcy:

%%@String{pub-PH                  = "Pren{\-}tice-Hall"}
%%@String{pub-PH:adr              = "Englewood Cliffs, NJ 07632, USA"}
@String{Add-W                  	   = "Addison-Wesley"}
@String{Add-W:adr                  = "800 East 96th Street, Indiana 46240, USA"}

@String{Spring                     = "Springer Science+Business Media, LLC."}
@String{Spring:adr                 = "233 Spring Street, 6th Floor, New York, USA"}

@String{Packt                     = "Packt Publishing Ltd."}
@String{Packt:adr                 = "Livery Place, 35 Livery Street, Birmingham B3 2PB, UK"}

%%% Bibliografia:

@Book{Wargo,
  author =       "John M. Wargo",
  title =        "PhoneGap Essentials. Building Cross-Platform Mobile Apps",
  publisher =    Add-W,
  address =      Add-W:adr,
  edition =      "Wydanie pierwsze",
  year =         "2012",
  ISBN =	 "0-321-81429-0",
  ISBN-13 =      "978-0-321-81429-6",
  LCCN =         "QA76.59.W37 2012",
  keywords =     "Adobe PhoneGap",
}

@Book{Ghatol-Patel,
  author =       "Rohit Ghatol, Yogesh Patel",
  title =        "Beginning PhoneGap: Mobile Web Framework for JavaScript and HTML5",
  publisher =    Spring,
  address =      Spring:adr,
  year =         "2012",
  ISBN-13 =      "978-1-4302-3903-1",
  keywords =     "Adobe PhoneGap",
}

@Book{Wargo2,
  author =       "John M. Wargo",
  title =        "Apache Cordova 3 Programming",
  publisher =    Add-W,
  address =      Add-W:adr,
  year =         "2014",
  ISBN =	 "0-321-95736-9",
  ISBN-13 =      "978-0-321-95736-8",
  keywords =     "Adobe PhoneGap",
}

@Book{Shotts,
  author =       "Kerri Shotts",
  title =        "PhoneGap 2.x Mobile Application Development",
  publisher =    Packt,
  address =      Packt:adr,
  edition =      "Wydanie pierwsze",
  year =         "2013",
  ISBN-13 =      "978-1-84951-940-3",
  keywords =     "Adobe PhoneGap",
}

@BOOKLET{CordovaDoc,
  title = "Apache Cordova Documentation",
  year = "2014",
  url = "http://cordova.apache.org/docs/en/3.4.0/index.html"
}

@Article{Eisenberg:2002:SXM,
  author =       "Andrew Eisenberg and Jim Melton",
  title =        "{SQL\slash XML} is making good progress",
  journal =      "SIGMOD",
  volume =       "31",
  number =       "2",
  pages =        "101--108",
  month =        jun,
  year =         "2002",
  bibdate =      "Mon Jan 12 07:43:34 MST 2004",
  bibsource =    "http://portal.acm.org/",
}
